@book{Nicholas1998Handbook,
  author={Nicholas J. Higham},
  title={Handbook of Writing for the Mathematical Sciences},
  publisher={Society for Industrial and Applied Mathematics},
  year={1998},
  address={Philadelphia},
}